@online{
    godot,
    author = "Wikipedia",
    title = "Godot (game engine)",
    url  = "https://en.wikipedia.org/wiki/Godot_(game_engine)"
}
